@InProceedings{Green2007,
  author    = {Chris Green},
  booktitle = {{ACM} {SIGGRAPH} 2007 courses on - {SIGGRAPH} {\textquotesingle}07},
  title     = {Improved alpha-tested magnification for vector textures and special effects},
  year      = {2007},
  publisher = {{ACM} Press},
  doi       = {10.1145/1281500.1281665},
}

@Article{Nehab2008,
  author    = {Diego Nehab and Hugues Hoppe},
  journal   = {{ACM} Transactions on Graphics},
  title     = {Random-access rendering of general vector graphics},
  year      = {2008},
  month     = {dec},
  number    = {5},
  pages     = {1--10},
  volume    = {27},
  doi       = {10.1145/1409060.1409088},
  publisher = {Association for Computing Machinery ({ACM})},
}

@Comment{jabref-meta: databaseType:bibtex;}
